%% This BibTeX bibliography file was created using BibDesk.
%% http://bibdesk.sourceforge.net/


%% Created for Margrit Dittmann at 2015-03-13 15:23:31 +0100 


%% Saved with string encoding Unicode (UTF-8) 



@techreport{Krei86,
	Author = {Christoph Kreitz},
	Date-Added = {2015-03-13 12:58:52 +0000},
	Date-Modified = {2015-03-13 13:05:10 +0000},
	Institution = {Department of Computer Science, Cornell University},
	Keywords = {Kreitz 86},
	Month = {September},
	Title = {Constructive Automata Theory Implemented with the Nuprl Proof Development System},
	Year = {1986}}

@url{Nu5,
	Author = {S. F. Allen, R. L. Constable, R. Eaton, C. Kreitz, and L. Lorigo},
	Date-Added = {2015-03-13 12:50:36 +0000},
	Date-Modified = {2015-03-13 12:54:21 +0000},
	Keywords = {NuPRL 5},
	Lastchecked = {13.03.2015},
	Title = {The Nuprl Open Logical Environment},
	Urldate = {http://www.cs.uni-potsdam.de/ti/kreitz/PDF/00cade-nuprl.pdf}}
